<record><leader>00000cas a2200000 a 4500</leader><controlfield tag="001">14524893</controlfield><controlfield tag="008">861027d19861990waudn ne      0   a0eng d</controlfield><datafield ind1=" " ind2=" " tag="010"><subfield code="a">sn 87002679 </subfield></datafield><datafield ind1=" " ind2=" " tag="040"><subfield code="a">WAU</subfield><subfield code="b">eng</subfield><subfield code="c">WAU</subfield><subfield code="d">NSD</subfield><subfield code="d">SLZ</subfield><subfield code="d">OCLCQ</subfield><subfield code="d">OCLCF</subfield><subfield code="d">OCLCO</subfield></datafield><datafield ind1=" " ind2=" " tag="012"><subfield code="l">1</subfield><subfield code="m">x</subfield></datafield><datafield ind1="1" ind2=" " tag="022"><subfield code="a">0894-1610</subfield><subfield code="l">0894-1610</subfield><subfield code="y">0744-7337</subfield><subfield code="2">1</subfield></datafield><datafield ind1="1" ind2=" " tag="029"><subfield code="a">AU@</subfield><subfield code="b">000025830130</subfield></datafield><datafield ind1=" " ind2=" " tag="032"><subfield code="a">674030</subfield><subfield code="b">USPS</subfield></datafield><datafield ind1=" " ind2=" " tag="037"><subfield code="b">Valley Newspapers, P.O. Box 130, Kent WA 98032</subfield></datafield><datafield ind1=" " ind2=" " tag="042"><subfield code="a">nsdp</subfield></datafield><datafield ind1=" " ind2=" " tag="043"><subfield code="a">n-us-wa</subfield></datafield><datafield ind1="0" ind2=" " tag="130"><subfield code="a">Valley daily news (Kent news journal ed.)</subfield></datafield><datafield ind1=" " ind2="0" tag="222"><subfield code="a">Valley daily news</subfield><subfield code="b">(Kent news journal ed.)</subfield></datafield><datafield ind1="1" ind2="0" tag="245"><subfield code="a">Valley daily news.</subfield></datafield><datafield ind1=" " ind2=" " tag="250"><subfield code="a">Kent news journal ed.</subfield></datafield><datafield ind1=" " ind2=" " tag="260"><subfield code="a">Kent, WA [Wash.] :</subfield><subfield code="b">Valley Newspapers,</subfield><subfield code="c">[1986-</subfield></datafield><datafield ind1=" " ind2=" " tag="300"><subfield code="a">v. :</subfield><subfield code="b">ill. ;</subfield><subfield code="c">58 cm.</subfield></datafield><datafield ind1=" " ind2=" " tag="310"><subfield code="a">Daily (except Saturday)</subfield></datafield><datafield ind1="0" ind2=" " tag="362"><subfield code="a">Vol. 98, no. 235 (Wednesday, Oct. 1, 1986)-v. 102, no. 156 (July 1, 1990).</subfield></datafield><datafield ind1=" " ind2=" " tag="580"><subfield code="a">Merged with: Valley daily news (Auburn globe news ed.) and Valley daily news (Renton record chronicle ed.) to form: Valley daily news (Bellevue, Wash. : 1990).</subfield></datafield><datafield ind1=" " ind2=" " tag="588"><subfield code="a">Latest issue consulted: Vol. 98, no. 243 (Friday, Oct. 10, 1986).</subfield></datafield><datafield ind1=" " ind2="0" tag="651"><subfield code="a">Kent (Wash.)</subfield><subfield code="v">Newspapers.</subfield></datafield><datafield ind1=" " ind2="7" tag="655"><subfield code="a">Newspapers.</subfield><subfield code="2">fast</subfield><subfield code="0">(OCoLC)fst01423814</subfield></datafield><datafield ind1=" " ind2="7" tag="651"><subfield code="a">Washington (State)</subfield><subfield code="z">Kent.</subfield><subfield code="2">fast</subfield><subfield code="0">(OCoLC)fst01211661</subfield></datafield><datafield ind1=" " ind2=" " tag="752"><subfield code="a">United States</subfield><subfield code="b">Washington</subfield><subfield code="c">King</subfield><subfield code="d">Kent.</subfield></datafield><datafield ind1="0" ind2="0" tag="780"><subfield code="t">Daily news journal (Kent, Wash.)</subfield><subfield code="x">0744-7337</subfield><subfield code="w">(DLC)sn 82004662</subfield></datafield><datafield ind1="1" ind2="7" tag="785"><subfield code="t">Valley daily news (Auburn globe news ed.)</subfield><subfield code="w">(DLC)sn 87002678</subfield></datafield><datafield ind1="1" ind2="7" tag="785"><subfield code="t">Valley daily news (Renton record chronicle ed.)</subfield><subfield code="w">(DLC)sn 87002677</subfield></datafield><datafield ind1="1" ind2="7" tag="785"><subfield code="t">Valley daily news (Bellevue, Wash. : 1990)</subfield><subfield code="w">(DLC)sn 90099768</subfield></datafield></record>